% This file was created with JabRef 2.9.
% Encoding: Cp1252

@ARTICLE{Curtin1998,
  author = {Curtin W. A.},
  title = {Size Scaling of Strength in Heterogeneous Materials},
  journal = {Phys. Rev. Let.},
  year = {1998},
  volume = {80},
  owner = {Travis},
  timestamp = {2013.08.07}
}

@ARTICLE{Rinaldi2009,
  author = {Rinaldi A.},
  title = {Rational Damage Model of 2D Disordered Brittle Lattices Under Uniaxial
	Loadings},
  journal = {IJDM},
  year = {2009},
  volume = {18},
  pages = {233},
  owner = {Travis},
  timestamp = {2013.08.07}
}

@ARTICLE{Allison1984,
  author = {Allison, I.},
  title = {The pole of the Mohr diagram},
  journal = {J. Struct. Geol.},
  year = {1984},
  volume = {6},
  pages = {331-333},
  owner = {Travis},
  timestamp = {2013.08.07}
}

@ARTICLE{Paliwal,
  author = {Paliwal B. and Ramesh K.T.},
  title = {An interacting micro-crack damage model for failure of brittle materials
	under compression},
  journal = {J. Mech. Phys. Solids},
  year = {2008},
  volume = {56},
  pages = {896–923},
  owner = {Travis},
  timestamp = {2013.08.05}
}

@ARTICLE{Bardenhagen2004,
  author = {S.G. Bardenhagen and E.M. Kober},
  title = {The generalized interpolation material point method},
  journal = {CMES - Computer Modeling in Engineering and Sciences},
  year = {2004},
  volume = {5},
  pages = {477--495},
  owner = {Cobbie},
  tags = {MPM},
  timestamp = {2013.07.23}
}

@CONFERENCE{Bazant1983,
  author = {Bazant, Z. P.},
  title = {Fracture in Concrete and Reinforced Concrete},
  booktitle = {Mechanics of Geomaterials: Rocks, Concretes, Soils, Preprints, lUTAM
	Prager Symposium held at Northwestern University},
  year = {1983},
  editor = {Z. P. Bazant},
  pages = {281-317},
  address = {Evanston, IL},
  owner = {Travis},
  timestamp = {2013.08.05}
}

@ARTICLE{Bazant1984,
  author = {Bazant, Z. P.},
  title = {Size Effect in Blunt Fracture: Concrete, Rock, Metal},
  journal = {J. of Engng. Mechanics},
  year = {1984},
  volume = {110},
  pages = {518-535},
  owner = {Travis},
  timestamp = {2013.08.07}
}

@ARTICLE{Bazant1996,
  author = {Bažant, Z. P., Xiang, Y., Adley, M. D., Prat, P. C., and Akers, S.
	A.},
  title = {Microplane model for concrete. II. Data delocalization and verification},
  journal = {J. Eng. Mech.},
  year = {1996},
  volume = {122(3)},
  pages = {255–262.},
  owner = {Travis},
  timestamp = {2013.08.07}
}

@ARTICLE{Becker2002,
  author = {Becker, R.},
  title = {Ring Fragmentation Predictions using the Gurson Model with Material
	Stability Conditions as Failure Criteria},
  journal = {Int. J. Solids Struct.},
  year = {2002},
  volume = {39},
  pages = {3555-3580},
  owner = {Travis},
  timestamp = {2013.08.05}
}

@ARTICLE{Belytschko2003,
  author = {Belytschko T., Parimi C., Moes N., Sukumar N. and Usui S.},
  title = {Structured extended finite element methods for solids defined by
	implicit surfaces by implicit surfaces},
  year = {2003},
  volume = {56},
  pages = {609–635},
  owner = {Travis},
  timestamp = {2013.08.07}
}

@ARTICLE{Coulomb1776,
  author = {Coulomb, C. A.},
  title = {Essai sur une application des regles des maximis et minimis a quelquels
	problemesde statique relatifs, a la architecture},
  journal = {Mem. Acad. Roy. Div. Sav.},
  year = {1776},
  volume = {7},
  pages = {343–387},
  owner = {Travis},
  timestamp = {2013.08.07}
}

@TECHREPORT{CurranColton,
  author = {Curran, D. R. and J.D. Colton},
  title = {Improved Fragmentation Algorithms for Debris Environments},
  institution = {SRI International Technical Report DNA-TR-96-20},
  year = {1996},
  owner = {Travis},
  timestamp = {2013.08.05}
}

@ARTICLE{JohnsonCook1985,
  author = {Johnson G.R. and Cook W.H.},
  title = {Fracture characteristics of three metals subjected to various strains,
	strain rates, temperatures, and pressures},
  journal = {Engng. Fract. Mech.},
  year = {1985},
  volume = {21},
  pages = {31-48},
  owner = {Travis},
  timestamp = {2013.08.05}
}

@ARTICLE{Grady2008,
  author = {Grady, D.E.},
  title = {Fragment size distributions from the dynamic fragmentation of brittle
	solids},
  journal = {Int. J. Impact Engineering},
  year = {2008},
  volume = {35(12)},
  pages = {1557-1562},
  owner = {Travis},
  timestamp = {2013.08.05}
}

@ARTICLE{Horii1986,
  author = {Horii H. and Nemat-Nasser S.},
  title = {Brittle Failure in Compression: Splitting, Faulting and Brittle-Ductile
	Transition},
  journal = {Phil. Trans. R. Soc},
  year = {1986},
  volume = {319},
  pages = {337-374},
  owner = {Travis},
  timestamp = {2013.08.05}
}

@ARTICLE{Horii1985,
  author = {Horii H. and Nemat-Nasser S.},
  title = {Compression-Induced Microcrack Growth in Brittle Solids: Axial Splitting
	and Shear Failure},
  journal = {J. Geo.Phys. Res.},
  year = {1985},
  volume = {90},
  pages = {3105-3125},
  owner = {Travis},
  timestamp = {2013.08.07}
}

@BOOK{Hellan1984,
  title = {Introduction to Fracture Mechanics},
  publisher = {McGraw-Hill},
  year = {1984},
  author = {Hellan, K.},
  owner = {Travis},
  timestamp = {2013.08.05}
}

@ARTICLE{Ju1987,
  author = {Ju J.W.},
  title = {Strain- and Stress- Based Continuum Damage Models-I. Formulation},
  year = {1987},
  volume = {23},
  pages = {821-848},
  owner = {Travis},
  timestamp = {2013.08.07}
}

@ARTICLE{Khoei2008,
  author = {A.R. Khoei and K. Karimi},
  title = {An enriched-FEM model for simulation of localization phenomenon in
	Cosserat continuum theory },
  journal = {Computational Materials Science },
  year = {2008},
  volume = {44},
  pages = {733 - 749},
  number = {2},
  note = {Has graphic QuadAndTriangleMesh.png (need permission)},
  __markedentry = {[Cobbie:6]},
  doi = {http://dx.doi.org/10.1016/j.commatsci.2008.05.019},
  issn = {0927-0256},
  keywords = {Localization phenomena},
  owner = {Cobbie},
  timestamp = {2013.08.31},
  url = {http://www.sciencedirect.com/science/article/pii/S0927025608002541}
}

@ARTICLE{Leavy2010,
  author = {Leavy, B., R. M. Brannon, Strack, O.E.},
  title = {The Use of Sphere Indentation Experiments to Characterize Ceramic
	Damage Models},
  journal = {Int. J. Applied Ceramic Technology},
  year = {2010},
  volume = {7(5)},
  pages = {606-615},
  owner = {Travis},
  timestamp = {2013.08.07}
}

@ARTICLE{Lisle1992,
  author = {Lisle, R.J.},
  title = {Strain analysis by simplified Mohr Circle construction},
  journal = {Annals Tectonicae},
  year = {1992},
  volume = {5},
  pages = {102-117},
  owner = {Travis},
  timestamp = {2013.08.07}
}

@ARTICLE{Mohr1900,
  author = {Mohr, O.},
  title = {Welche Umstande bedingen die Elastizitatsgrenze und den Bruch eines
	Materials},
  journal = {Z. Ver. dt. Ing.},
  year = {1900},
  volume = {44},
  pages = {1524-30; 1572-77},
  owner = {Travis},
  timestamp = {2013.08.07}
}

@ARTICLE{Mott1974,
  author = {Mott, N.F.},
  title = {Fragmentation of shell cases},
  journal = {Proc. Roy. Soc. London A.},
  year = {1974},
  volume = {189},
  pages = {300-308},
  owner = {Travis},
  timestamp = {2013.08.05}
}

@ARTICLE{Rinaldi2007,
  author = {Rinaldi, A, Lai, Y.C.},
  title = {Statistical damage theory of 2D lattices: Energetics and physical
	foundations of damage parameter},
  journal = {Int. J. Plasticity},
  year = {2007},
  volume = {23},
  pages = {1796–1825},
  owner = {Travis},
  timestamp = {2013.08.07}
}

@MASTERSTHESIS{Cupschalk2003,
  author = {Cupschalk S. and Monsi M. J.},
  title = {Statistical Interpretation of Mohr-Coulomb Theory as Applied to Fracture
	in Brittle Materials Containing Cracks},
  year = {2003},
  owner = {Travis},
  timestamp = {2013.08.07}
}

@ARTICLE{Sadeghirad2012,
  author = {A. Sadeghirad and R.M. Brannon and J.Guilkey},
  title = {Second-order convected particle domain interpolation (CPDI2) with
	enrichment for weak discontinuities at material interfaces},
  journal = {International journal for Numerical Methods in Engineering},
  year = {2012},
  owner = {Cobbie},
  timestamp = {2013.07.23}
}

@ARTICLE{Strassburger2004,
  author = {Strassburger, E.},
  title = {Visualization of impact damage in ceramics using the edge-on impact
	technique},
  journal = {Int. J. Appl. Ceramic Tech},
  year = {2004},
  volume = {1},
  pages = {235-242},
  owner = {Travis},
  timestamp = {2013.08.01}
}

@ARTICLE{Sulsky1994,
  author = {D. Sulsky and A. Chen and H.L. Schreyer},
  title = {A particle method for history-dependent materials},
  journal = {Computer Methods in Applied Mechanics and Engineering},
  year = {1994},
  volume = {118},
  pages = {179--196},
  owner = {Cobbie},
  tags = {MPM},
  timestamp = {2013.07.23}
}

@ARTICLE{Tresca1864,
  author = {Tresca, H.},
  title = {Mémoire sur l'écoulement des corps solides soumis à de fortes pressions.},
  journal = {C.R. Acad. Sci. Paris},
  year = {1864},
  volume = {59},
  pages = {754},
  owner = {Travis},
  timestamp = {2013.08.07}
}

@ELECTRONIC{TrueGridHexMeshImage,
  author = {truegrid.com (need permission)},
  url = {http://www.truegrid.com/pistonl.html},
  owner = {Cobbie},
  quality = {1},
  timestamp = {2013.08.31}
}

@ARTICLE{Weibull1951,
  author = {Weibull, W.},
  journal = {J. Appl. Mech.},
  year = {1951},
  volume = {18},
  pages = {293-297},
  owner = {Travis},
  timestamp = {2013.08.07}
}

@ELECTRONIC{BrannonCrackOrientation,
  howpublished = {\url{www.mech.utah.edu/~brannon/publifc/CrackOrientationStatistics.ppt}},
  url = {\url{www.mech.utah.edu/~brannon/publifc/CrackOrientationStatistics.ppt}},
  owner = {Travis},
  timestamp = {2013.08.07}
}

@ELECTRONIC{BrannonMohr,
  note = {\url{http://www.mech.utah.edu/~brannon/public/Mohrs_Circle.pdf}},
  url = {http://www.mech.utah.edu/~brannon/public/Mohrs_Circle.pdf},
  owner = {Travis},
  timestamp = {2013.08.07}
}

